@online{nist:density,
   title="NIST: X-Ray Mass Attenuation Coefficients - Table 1",
   url="http://physics.nist.gov/PhysRefData/XrayMassCoef/tab1.html",
   journal="NIST: X-Ray Mass Attenuation Coefficients - Table 1",
   note = "[Online; accessed 10-January-2017]"
}
