@online{sonzogni,
   title="Nudat 2",
   url="http://www.nndc.bnl.gov/nudat2/",
   journal="NuDat 2.6",
   publisher="National Nuclear Data Center",
   author="Sonzogni, Alejandro",
   note = "[Online; accessed 15-February-2017]"
}

@book{bevington,
   place="Boston",
   title="Data reduction and error analysis for the physical sciences",
   publisher="McGraw-Hill", 
   author="Bevington, Philip R. and Robinson, D. Keith.",
   year="2002",
}

@article{blackboard, 
   title="Alpha-Particle Spectroscopy With Si", 
   url="https://blackboard.ohio.edu/bbcswebdav/pid-6825046-dt-content-rid-44283883_1/courses/PHYS_3702_101_LAB_SPRG_2016-17/Lab3_Alpha_Si_Detector.pdf",
   journal="Introductory Laboratory -- Nucleons"
}