@online{density,
   title="NIST: X-Ray Mass Attenuation Coefficients - Table 1",
   url="http://physics.nist.gov/PhysRefData/XrayMassCoef/tab1.html",
   journal="NIST: X-Ray Mass Attenuation Coefficients - Table 1",
   note = "[Online; accessed 12-February-2017]"
}

@online{nist, 
   title="NIST: X-Ray Mass Attenuation Coefficients",
   url="http://physics.nist.gov/PhysRefData/XrayMassCoef/tab3.html",
   journal="NIST: X-Ray Mass Attenuation Coefficients"
}

@online{aluminum, 
   title="NIST: X-Ray Mass Attenuation Coefficients - Aluminum",
   url="http://physics.nist.gov/PhysRefData/XrayMassCoef/ElemTab/z13.html",
   journal="NIST: X-Ray Mass Attenuation Coefficients - Aluminum"
}

@online{copper, 
   title="NIST: X-Ray Mass Attenuation Coefficients - Copper",
   url="http://physics.nist.gov/PhysRefData/XrayMassCoef/ElemTab/z29.html",
   journal="NIST: X-Ray Mass Attenuation Coefficients - Copper"
}

@online{sonzogni,
   title="Nudat 2",
   url="http://www.nndc.bnl.gov/nudat2/",
   journal="NuDat 2.6",
   publisher="National Nuclear Data Center",
   author="Sonzogni, Alejandro",
   note = "[Online; accessed 29-January-2017]"
}

@book{bevington,
   place="Boston",
   title="Data reduction and error analysis for the physical sciences",
   publisher="McGraw-Hill", 
   author="Bevington, Philip R. and Robinson, D. Keith.",
   year="2002",
}

@article{columbia,
   title="Coincidence Counting",
   url="http://phys.columbia.edu/~w3081/exp_files/coin.pdf",
   journal="E.K.A. Advanced Physics Laboratory",
   year="2002",
   month="10"
}

@article{nucleons, 
   title="Beta-decay and gamma-ray spectroscopy with NaI detectors", 
   url="https://blackboard.ohio.edu/bbcswebdav/pid-6825045-dt-content-rid-44283882_1/courses/PHYS_3702_101_LAB_SPRG_2016-17/Lab2_BetaGamma_NaI_Detectors.pdf",
   journal="Introductory Laboratory -- Nucleons"
}

@book{harshaw,
	title="Harshaw Scintillation Phosphors, (2nd Ed.)",
	author="E. C. Stewart",
	publisher="Harshaw Chemical Co., Cleveland, 1978"
}